<record><leader>00000cas a2200000 a 4500</leader><controlfield tag="001">35039376</controlfield><controlfield tag="008">960708d19641965miuwr ne      0    0eng c</controlfield><datafield ind1=" " ind2=" " tag="010"><subfield code="a">sn 96076800 </subfield></datafield><datafield ind1=" " ind2=" " tag="040"><subfield code="a">MHN</subfield><subfield code="b">eng</subfield><subfield code="c">MHN</subfield><subfield code="d">OCL</subfield><subfield code="d">OCLCQ</subfield><subfield code="d">OCLCO</subfield></datafield><datafield ind1="1" ind2=" " tag="029"><subfield code="a">AU@</subfield><subfield code="b">000012679586</subfield></datafield><datafield ind1=" " ind2=" " tag="042"><subfield code="a">pcc</subfield></datafield><datafield ind1=" " ind2=" " tag="043"><subfield code="a">n-us-mi</subfield></datafield><datafield ind1="0" ind2="4" tag="245"><subfield code="a">The Concord news and Jackson County legal news.</subfield></datafield><datafield ind1="1" ind2="7" tag="246"><subfield code="a">Concord news</subfield></datafield><datafield ind1=" " ind2=" " tag="260"><subfield code="a">Concord, Mich. :</subfield><subfield code="b">Elmer F. Wilson</subfield></datafield><datafield ind1=" " ind2=" " tag="300"><subfield code="a">v.</subfield></datafield><datafield ind1=" " ind2=" " tag="310"><subfield code="a">Weekly</subfield></datafield><datafield ind1="0" ind2=" " tag="362"><subfield code="a">Vol. 94, no. 1 (Oct. 15, 1964)-v. 94, no. 52 (Oct. 7, 1965) = v. 1, no. 1-v. 1, no. 52.</subfield></datafield><datafield ind1=" " ind2=" " tag="580"><subfield code="a">Split into: Concord news (Concord, Mich. : 1965), and: Jackson County legal news.</subfield></datafield><datafield ind1=" " ind2="0" tag="651"><subfield code="a">Concord (Mich.)</subfield><subfield code="v">Newspapers.</subfield></datafield><datafield ind1=" " ind2="0" tag="651"><subfield code="a">Jackson County (Mich.)</subfield><subfield code="v">Newspapers.</subfield></datafield><datafield ind1=" " ind2=" " tag="752"><subfield code="a">United States</subfield><subfield code="b">Michigan</subfield><subfield code="c">Jackson</subfield><subfield code="d">Concord.</subfield></datafield><datafield ind1="0" ind2="0" tag="780"><subfield code="t">Concord news (Concord, Mich. : 1918)</subfield><subfield code="w">(DLC)sn 96076799</subfield><subfield code="w">(OCoLC)35039284</subfield></datafield><datafield ind1="1" ind2="6" tag="785"><subfield code="t">Concord news (Concord, Mich. : 1965)</subfield><subfield code="w">(DLC)sn 96076801</subfield><subfield code="w">(OCoLC)35039485</subfield></datafield><datafield ind1="1" ind2="6" tag="785"><subfield code="t">Jackson County legal news</subfield><subfield code="w">(DLC)sn 83000797</subfield><subfield code="w">(OCoLC)9135859</subfield></datafield></record>